%YAML 1.1
%TAG !u! tag:unity3d.com,2011:
--- !u!1 &1407334660271263924
GameObject:
  m_ObjectHideFlags: 0
  m_CorrespondingSourceObject: {fileID: 0}
  m_PrefabInstance: {fileID: 0}
  m_PrefabAsset: {fileID: 0}
  serializedVersion: 6
  m_Component:
  - component: {fileID: 7571404432303347320}
  - component: {fileID: 8877592471298466163}
  - component: {fileID: 4705845965242493502}
  m_Layer: 9
  m_Name: treeOne (172)
  m_TagString: Untagged
  m_Icon: {fileID: 0}
  m_NavMeshLayer: 0
  m_StaticEditorFlags: 0
  m_IsActive: 1
--- !u!4 &7571404432303347320
Transform:
  m_ObjectHideFlags: 0
  m_CorrespondingSourceObject: {fileID: 0}
  m_PrefabInstance: {fileID: 0}
  m_PrefabAsset: {fileID: 0}
  m_GameObject: {fileID: 1407334660271263924}
  m_LocalRotation: {x: 0.2199246, y: 0.88535583, z: 0.14275225, w: 0.383927}
  m_LocalPosition: {x: 0.08, y: 8.3, z: 0}
  m_LocalScale: {x: 8.00692, y: 8.006929, z: 8.0069275}
  m_Children: []
  m_Father: {fileID: 2642506159055148380}
  m_RootOrder: 6
  m_LocalEulerAnglesHint: {x: -4.813, y: 131.82, z: 30.053001}
--- !u!33 &8877592471298466163
MeshFilter:
  m_ObjectHideFlags: 0
  m_CorrespondingSourceObject: {fileID: 0}
  m_PrefabInstance: {fileID: 0}
  m_PrefabAsset: {fileID: 0}
  m_GameObject: {fileID: 1407334660271263924}
  m_Mesh: {fileID: 4300002, guid: e65b23839e5cd1d4a8da4f5802d0aa38, type: 3}
--- !u!23 &4705845965242493502
MeshRenderer:
  m_ObjectHideFlags: 0
  m_CorrespondingSourceObject: {fileID: 0}
  m_PrefabInstance: {fileID: 0}
  m_PrefabAsset: {fileID: 0}
  m_GameObject: {fileID: 1407334660271263924}
  m_Enabled: 1
  m_CastShadows: 1
  m_ReceiveShadows: 1
  m_DynamicOccludee: 1
  m_MotionVectors: 1
  m_LightProbeUsage: 1
  m_ReflectionProbeUsage: 1
  m_RenderingLayerMask: 1
  m_RendererPriority: 0
  m_Materials:
  - {fileID: 2100000, guid: 8eebe226555af174fb55188103e8b835, type: 2}
  m_StaticBatchInfo:
    firstSubMesh: 0
    subMeshCount: 0
  m_StaticBatchRoot: {fileID: 0}
  m_ProbeAnchor: {fileID: 0}
  m_LightProbeVolumeOverride: {fileID: 0}
  m_ScaleInLightmap: 1
  m_PreserveUVs: 0
  m_IgnoreNormalsForChartDetection: 0
  m_ImportantGI: 0
  m_StitchLightmapSeams: 0
  m_SelectedEditorRenderState: 3
  m_MinimumChartSize: 4
  m_AutoUVMaxDistance: 0.5
  m_AutoUVMaxAngle: 89
  m_LightmapParameters: {fileID: 0}
  m_SortingLayerID: 0
  m_SortingLayer: 0
  m_SortingOrder: 0
--- !u!1 &1600374201678097922
GameObject:
  m_ObjectHideFlags: 0
  m_CorrespondingSourceObject: {fileID: 0}
  m_PrefabInstance: {fileID: 0}
  m_PrefabAsset: {fileID: 0}
  serializedVersion: 6
  m_Component:
  - component: {fileID: 3145785237823642102}
  - component: {fileID: 285229098950484184}
  - component: {fileID: 6473745876579730870}
  m_Layer: 9
  m_Name: treeOne (171)
  m_TagString: Untagged
  m_Icon: {fileID: 0}
  m_NavMeshLayer: 0
  m_StaticEditorFlags: 0
  m_IsActive: 1
--- !u!4 &3145785237823642102
Transform:
  m_ObjectHideFlags: 0
  m_CorrespondingSourceObject: {fileID: 0}
  m_PrefabInstance: {fileID: 0}
  m_PrefabAsset: {fileID: 0}
  m_GameObject: {fileID: 1600374201678097922}
  m_LocalRotation: {x: 0.070861466, y: 0.41124845, z: 0.25243527, w: 0.87300044}
  m_LocalPosition: {x: 0.26, y: 16.74, z: -0.42}
  m_LocalScale: {x: 8.00692, y: 8.006929, z: 8.0069275}
  m_Children: []
  m_Father: {fileID: 2642506159055148380}
  m_RootOrder: 5
  m_LocalEulerAnglesHint: {x: -4.813, y: 49.155003, z: 30.053001}
--- !u!33 &285229098950484184
MeshFilter:
  m_ObjectHideFlags: 0
  m_CorrespondingSourceObject: {fileID: 0}
  m_PrefabInstance: {fileID: 0}
  m_PrefabAsset: {fileID: 0}
  m_GameObject: {fileID: 1600374201678097922}
  m_Mesh: {fileID: 4300002, guid: e65b23839e5cd1d4a8da4f5802d0aa38, type: 3}
--- !u!23 &6473745876579730870
MeshRenderer:
  m_ObjectHideFlags: 0
  m_CorrespondingSourceObject: {fileID: 0}
  m_PrefabInstance: {fileID: 0}
  m_PrefabAsset: {fileID: 0}
  m_GameObject: {fileID: 1600374201678097922}
  m_Enabled: 1
  m_CastShadows: 1
  m_ReceiveShadows: 1
  m_DynamicOccludee: 1
  m_MotionVectors: 1
  m_LightProbeUsage: 1
  m_ReflectionProbeUsage: 1
  m_RenderingLayerMask: 1
  m_RendererPriority: 0
  m_Materials:
  - {fileID: 2100000, guid: 8eebe226555af174fb55188103e8b835, type: 2}
  m_StaticBatchInfo:
    firstSubMesh: 0
    subMeshCount: 0
  m_StaticBatchRoot: {fileID: 0}
  m_ProbeAnchor: {fileID: 0}
  m_LightProbeVolumeOverride: {fileID: 0}
  m_ScaleInLightmap: 1
  m_PreserveUVs: 0
  m_IgnoreNormalsForChartDetection: 0
  m_ImportantGI: 0
  m_StitchLightmapSeams: 0
  m_SelectedEditorRenderState: 3
  m_MinimumChartSize: 4
  m_AutoUVMaxDistance: 0.5
  m_AutoUVMaxAngle: 89
  m_LightmapParameters: {fileID: 0}
  m_SortingLayerID: 0
  m_SortingLayer: 0
  m_SortingOrder: 0
--- !u!1 &3918419602937514138
GameObject:
  m_ObjectHideFlags: 0
  m_CorrespondingSourceObject: {fileID: 0}
  m_PrefabInstance: {fileID: 0}
  m_PrefabAsset: {fileID: 0}
  serializedVersion: 6
  m_Component:
  - component: {fileID: 4486681231346065501}
  - component: {fileID: 3057446761416122141}
  m_Layer: 0
  m_Name: Collider
  m_TagString: Untagged
  m_Icon: {fileID: 0}
  m_NavMeshLayer: 0
  m_StaticEditorFlags: 0
  m_IsActive: 1
--- !u!4 &4486681231346065501
Transform:
  m_ObjectHideFlags: 0
  m_CorrespondingSourceObject: {fileID: 0}
  m_PrefabInstance: {fileID: 0}
  m_PrefabAsset: {fileID: 0}
  m_GameObject: {fileID: 3918419602937514138}
  m_LocalRotation: {x: 0, y: 0, z: 0, w: 1}
  m_LocalPosition: {x: 0.14, y: 0, z: -0.21}
  m_LocalScale: {x: 1, y: 1, z: 1}
  m_Children: []
  m_Father: {fileID: 2642506159055148380}
  m_RootOrder: 0
  m_LocalEulerAnglesHint: {x: 0, y: 0, z: 0}
--- !u!136 &3057446761416122141
CapsuleCollider:
  m_ObjectHideFlags: 0
  m_CorrespondingSourceObject: {fileID: 0}
  m_PrefabInstance: {fileID: 0}
  m_PrefabAsset: {fileID: 0}
  m_GameObject: {fileID: 3918419602937514138}
  m_Material: {fileID: 0}
  m_IsTrigger: 0
  m_Enabled: 1
  m_Radius: 0.6
  m_Height: 30
  m_Direction: 1
  m_Center: {x: 0, y: 15, z: 0}
--- !u!1 &4221202286160635806
GameObject:
  m_ObjectHideFlags: 0
  m_CorrespondingSourceObject: {fileID: 0}
  m_PrefabInstance: {fileID: 0}
  m_PrefabAsset: {fileID: 0}
  serializedVersion: 6
  m_Component:
  - component: {fileID: 746556578877137082}
  - component: {fileID: 6300805122943319687}
  - component: {fileID: 2855577337263590923}
  m_Layer: 9
  m_Name: treeOne (169)
  m_TagString: Untagged
  m_Icon: {fileID: 0}
  m_NavMeshLayer: 0
  m_StaticEditorFlags: 0
  m_IsActive: 1
--- !u!4 &746556578877137082
Transform:
  m_ObjectHideFlags: 0
  m_CorrespondingSourceObject: {fileID: 0}
  m_PrefabInstance: {fileID: 0}
  m_PrefabAsset: {fileID: 0}
  m_GameObject: {fileID: 4221202286160635806}
  m_LocalRotation: {x: -0.14466044, y: -0.7373718, z: 0.04098751, w: 0.658541}
  m_LocalPosition: {x: 0.32, y: 9.74, z: 0.03}
  m_LocalScale: {x: 6.08428, y: 6.08429, z: 6.084291}
  m_Children: []
  m_Father: {fileID: 2642506159055148380}
  m_RootOrder: 3
  m_LocalEulerAnglesHint: {x: -7.4740005, y: -97.492004, z: 15.641001}
--- !u!33 &6300805122943319687
MeshFilter:
  m_ObjectHideFlags: 0
  m_CorrespondingSourceObject: {fileID: 0}
  m_PrefabInstance: {fileID: 0}
  m_PrefabAsset: {fileID: 0}
  m_GameObject: {fileID: 4221202286160635806}
  m_Mesh: {fileID: 4300002, guid: e65b23839e5cd1d4a8da4f5802d0aa38, type: 3}
--- !u!23 &2855577337263590923
MeshRenderer:
  m_ObjectHideFlags: 0
  m_CorrespondingSourceObject: {fileID: 0}
  m_PrefabInstance: {fileID: 0}
  m_PrefabAsset: {fileID: 0}
  m_GameObject: {fileID: 4221202286160635806}
  m_Enabled: 1
  m_CastShadows: 1
  m_ReceiveShadows: 1
  m_DynamicOccludee: 1
  m_MotionVectors: 1
  m_LightProbeUsage: 1
  m_ReflectionProbeUsage: 1
  m_RenderingLayerMask: 1
  m_RendererPriority: 0
  m_Materials:
  - {fileID: 2100000, guid: 8eebe226555af174fb55188103e8b835, type: 2}
  m_StaticBatchInfo:
    firstSubMesh: 0
    subMeshCount: 0
  m_StaticBatchRoot: {fileID: 0}
  m_ProbeAnchor: {fileID: 0}
  m_LightProbeVolumeOverride: {fileID: 0}
  m_ScaleInLightmap: 1
  m_PreserveUVs: 0
  m_IgnoreNormalsForChartDetection: 0
  m_ImportantGI: 0
  m_StitchLightmapSeams: 0
  m_SelectedEditorRenderState: 3
  m_MinimumChartSize: 4
  m_AutoUVMaxDistance: 0.5
  m_AutoUVMaxAngle: 89
  m_LightmapParameters: {fileID: 0}
  m_SortingLayerID: 0
  m_SortingLayer: 0
  m_SortingOrder: 0
--- !u!1 &4425881141063903598
GameObject:
  m_ObjectHideFlags: 0
  m_CorrespondingSourceObject: {fileID: 0}
  m_PrefabInstance: {fileID: 0}
  m_PrefabAsset: {fileID: 0}
  serializedVersion: 6
  m_Component:
  - component: {fileID: 6216789758736402364}
  - component: {fileID: 2186245991556119576}
  - component: {fileID: 269025429209733663}
  m_Layer: 9
  m_Name: treeOne (170)
  m_TagString: Untagged
  m_Icon: {fileID: 0}
  m_NavMeshLayer: 0
  m_StaticEditorFlags: 0
  m_IsActive: 1
--- !u!4 &6216789758736402364
Transform:
  m_ObjectHideFlags: 0
  m_CorrespondingSourceObject: {fileID: 0}
  m_PrefabInstance: {fileID: 0}
  m_PrefabAsset: {fileID: 0}
  m_GameObject: {fileID: 4425881141063903598}
  m_LocalRotation: {x: 0.070861466, y: 0.41124845, z: 0.25243527, w: 0.87300044}
  m_LocalPosition: {x: 0.26, y: 12.63, z: -0.42}
  m_LocalScale: {x: 8.006915, y: 8.006926, z: 8.006929}
  m_Children: []
  m_Father: {fileID: 2642506159055148380}
  m_RootOrder: 4
  m_LocalEulerAnglesHint: {x: -4.813, y: 49.155003, z: 30.053001}
--- !u!33 &2186245991556119576
MeshFilter:
  m_ObjectHideFlags: 0
  m_CorrespondingSourceObject: {fileID: 0}
  m_PrefabInstance: {fileID: 0}
  m_PrefabAsset: {fileID: 0}
  m_GameObject: {fileID: 4425881141063903598}
  m_Mesh: {fileID: 4300002, guid: e65b23839e5cd1d4a8da4f5802d0aa38, type: 3}
--- !u!23 &269025429209733663
MeshRenderer:
  m_ObjectHideFlags: 0
  m_CorrespondingSourceObject: {fileID: 0}
  m_PrefabInstance: {fileID: 0}
  m_PrefabAsset: {fileID: 0}
  m_GameObject: {fileID: 4425881141063903598}
  m_Enabled: 1
  m_CastShadows: 1
  m_ReceiveShadows: 1
  m_DynamicOccludee: 1
  m_MotionVectors: 1
  m_LightProbeUsage: 1
  m_ReflectionProbeUsage: 1
  m_RenderingLayerMask: 1
  m_RendererPriority: 0
  m_Materials:
  - {fileID: 2100000, guid: 8eebe226555af174fb55188103e8b835, type: 2}
  m_StaticBatchInfo:
    firstSubMesh: 0
    subMeshCount: 0
  m_StaticBatchRoot: {fileID: 0}
  m_ProbeAnchor: {fileID: 0}
  m_LightProbeVolumeOverride: {fileID: 0}
  m_ScaleInLightmap: 1
  m_PreserveUVs: 0
  m_IgnoreNormalsForChartDetection: 0
  m_ImportantGI: 0
  m_StitchLightmapSeams: 0
  m_SelectedEditorRenderState: 3
  m_MinimumChartSize: 4
  m_AutoUVMaxDistance: 0.5
  m_AutoUVMaxAngle: 89
  m_LightmapParameters: {fileID: 0}
  m_SortingLayerID: 0
  m_SortingLayer: 0
  m_SortingOrder: 0
--- !u!1 &5401786394148737646
GameObject:
  m_ObjectHideFlags: 0
  m_CorrespondingSourceObject: {fileID: 0}
  m_PrefabInstance: {fileID: 0}
  m_PrefabAsset: {fileID: 0}
  serializedVersion: 6
  m_Component:
  - component: {fileID: 4838252578448763227}
  - component: {fileID: 8217739571323563988}
  - component: {fileID: 2432337640083068896}
  m_Layer: 0
  m_Name: treeOne (164)
  m_TagString: Untagged
  m_Icon: {fileID: 0}
  m_NavMeshLayer: 0
  m_StaticEditorFlags: 0
  m_IsActive: 1
--- !u!4 &4838252578448763227
Transform:
  m_ObjectHideFlags: 0
  m_CorrespondingSourceObject: {fileID: 0}
  m_PrefabInstance: {fileID: 0}
  m_PrefabAsset: {fileID: 0}
  m_GameObject: {fileID: 5401786394148737646}
  m_LocalRotation: {x: -0.7071068, y: -0, z: -0, w: 0.7071068}
  m_LocalPosition: {x: -0.85, y: -0, z: -0.38}
  m_LocalScale: {x: 2, y: 2, z: 2}
  m_Children: []
  m_Father: {fileID: 2642506159055148380}
  m_RootOrder: 1
  m_LocalEulerAnglesHint: {x: -90.00001, y: 0, z: 0}
--- !u!33 &8217739571323563988
MeshFilter:
  m_ObjectHideFlags: 0
  m_CorrespondingSourceObject: {fileID: 0}
  m_PrefabInstance: {fileID: 0}
  m_PrefabAsset: {fileID: 0}
  m_GameObject: {fileID: 5401786394148737646}
  m_Mesh: {fileID: 4300000, guid: 64c723061f1e89143aeaacab4d3cd90e, type: 3}
--- !u!23 &2432337640083068896
MeshRenderer:
  m_ObjectHideFlags: 0
  m_CorrespondingSourceObject: {fileID: 0}
  m_PrefabInstance: {fileID: 0}
  m_PrefabAsset: {fileID: 0}
  m_GameObject: {fileID: 5401786394148737646}
  m_Enabled: 1
  m_CastShadows: 1
  m_ReceiveShadows: 1
  m_DynamicOccludee: 1
  m_MotionVectors: 1
  m_LightProbeUsage: 1
  m_ReflectionProbeUsage: 1
  m_RenderingLayerMask: 1
  m_RendererPriority: 0
  m_Materials:
  - {fileID: 2100000, guid: 8eebe226555af174fb55188103e8b835, type: 2}
  m_StaticBatchInfo:
    firstSubMesh: 0
    subMeshCount: 0
  m_StaticBatchRoot: {fileID: 0}
  m_ProbeAnchor: {fileID: 0}
  m_LightProbeVolumeOverride: {fileID: 0}
  m_ScaleInLightmap: 1
  m_PreserveUVs: 0
  m_IgnoreNormalsForChartDetection: 0
  m_ImportantGI: 0
  m_StitchLightmapSeams: 0
  m_SelectedEditorRenderState: 3
  m_MinimumChartSize: 4
  m_AutoUVMaxDistance: 0.5
  m_AutoUVMaxAngle: 89
  m_LightmapParameters: {fileID: 0}
  m_SortingLayerID: 0
  m_SortingLayer: 0
  m_SortingOrder: 0
--- !u!1 &6366311964901508940
GameObject:
  m_ObjectHideFlags: 0
  m_CorrespondingSourceObject: {fileID: 0}
  m_PrefabInstance: {fileID: 0}
  m_PrefabAsset: {fileID: 0}
  serializedVersion: 6
  m_Component:
  - component: {fileID: 2642506159055148380}
  m_Layer: 0
  m_Name: TreeWithBranch2
  m_TagString: Untagged
  m_Icon: {fileID: 0}
  m_NavMeshLayer: 0
  m_StaticEditorFlags: 0
  m_IsActive: 1
--- !u!4 &2642506159055148380
Transform:
  m_ObjectHideFlags: 0
  m_CorrespondingSourceObject: {fileID: 0}
  m_PrefabInstance: {fileID: 0}
  m_PrefabAsset: {fileID: 0}
  m_GameObject: {fileID: 6366311964901508940}
  m_LocalRotation: {x: 0, y: 0, z: 0, w: 1}
  m_LocalPosition: {x: 3.82, y: 0, z: 0}
  m_LocalScale: {x: 1, y: 1, z: 1}
  m_Children:
  - {fileID: 4486681231346065501}
  - {fileID: 4838252578448763227}
  - {fileID: 6821162107506139332}
  - {fileID: 746556578877137082}
  - {fileID: 6216789758736402364}
  - {fileID: 3145785237823642102}
  - {fileID: 7571404432303347320}
  m_Father: {fileID: 0}
  m_RootOrder: 0
  m_LocalEulerAnglesHint: {x: 0, y: 0, z: 0}
--- !u!1001 &7988070557522431709
PrefabInstance:
  m_ObjectHideFlags: 0
  serializedVersion: 2
  m_Modification:
    m_TransformParent: {fileID: 2642506159055148380}
    m_Modifications:
    - target: {fileID: 3491117722935505465, guid: 3fc71237fd2540f4580174cd28e2a8b4,
        type: 3}
      propertyPath: m_Name
      value: branch
      objectReference: {fileID: 0}
    - target: {fileID: 3491117722935471641, guid: 3fc71237fd2540f4580174cd28e2a8b4,
        type: 3}
      propertyPath: m_LocalPosition.x
      value: -0.2
      objectReference: {fileID: 0}
    - target: {fileID: 3491117722935471641, guid: 3fc71237fd2540f4580174cd28e2a8b4,
        type: 3}
      propertyPath: m_LocalPosition.y
      value: 14.486385
      objectReference: {fileID: 0}
    - target: {fileID: 3491117722935471641, guid: 3fc71237fd2540f4580174cd28e2a8b4,
        type: 3}
      propertyPath: m_LocalPosition.z
      value: -0.08
      objectReference: {fileID: 0}
    - target: {fileID: 3491117722935471641, guid: 3fc71237fd2540f4580174cd28e2a8b4,
        type: 3}
      propertyPath: m_LocalRotation.x
      value: 0.547302
      objectReference: {fileID: 0}
    - target: {fileID: 3491117722935471641, guid: 3fc71237fd2540f4580174cd28e2a8b4,
        type: 3}
      propertyPath: m_LocalRotation.y
      value: -0.43765756
      objectReference: {fileID: 0}
    - target: {fileID: 3491117722935471641, guid: 3fc71237fd2540f4580174cd28e2a8b4,
        type: 3}
      propertyPath: m_LocalRotation.z
      value: -0.637108
      objectReference: {fileID: 0}
    - target: {fileID: 3491117722935471641, guid: 3fc71237fd2540f4580174cd28e2a8b4,
        type: 3}
      propertyPath: m_LocalRotation.w
      value: 0.32095128
      objectReference: {fileID: 0}
    - target: {fileID: 3491117722935471641, guid: 3fc71237fd2540f4580174cd28e2a8b4,
        type: 3}
      propertyPath: m_RootOrder
      value: 2
      objectReference: {fileID: 0}
    - target: {fileID: 3491117722935471641, guid: 3fc71237fd2540f4580174cd28e2a8b4,
        type: 3}
      propertyPath: m_LocalEulerAnglesHint.x
      value: 178.978
      objectReference: {fileID: 0}
    - target: {fileID: 3491117722935471641, guid: 3fc71237fd2540f4580174cd28e2a8b4,
        type: 3}
      propertyPath: m_LocalEulerAnglesHint.y
      value: 101.910995
      objectReference: {fileID: 0}
    - target: {fileID: 3491117722935471641, guid: 3fc71237fd2540f4580174cd28e2a8b4,
        type: 3}
      propertyPath: m_LocalEulerAnglesHint.z
      value: -24.61499
      objectReference: {fileID: 0}
    - target: {fileID: 7305414565881841473, guid: 3fc71237fd2540f4580174cd28e2a8b4,
        type: 3}
      propertyPath: m_audioClip
      value: 
      objectReference: {fileID: 8300000, guid: d214fff3536d3d249a83ec24e461fb6e, type: 3}
    m_RemovedComponents: []
  m_SourcePrefab: {fileID: 100100000, guid: 3fc71237fd2540f4580174cd28e2a8b4, type: 3}
--- !u!4 &6821162107506139332 stripped
Transform:
  m_CorrespondingSourceObject: {fileID: 3491117722935471641, guid: 3fc71237fd2540f4580174cd28e2a8b4,
    type: 3}
  m_PrefabInstance: {fileID: 7988070557522431709}
  m_PrefabAsset: {fileID: 0}
