%YAML 1.1
%TAG !u! tag:unity3d.com,2011:
--- !u!1 &4831985012042411938
GameObject:
  m_ObjectHideFlags: 0
  m_CorrespondingSourceObject: {fileID: 0}
  m_PrefabInstance: {fileID: 0}
  m_PrefabAsset: {fileID: 0}
  serializedVersion: 6
  m_Component:
  - component: {fileID: 6806411411850592044}
  - component: {fileID: 1045856267681531514}
  m_Layer: 0
  m_Name: Collider
  m_TagString: Untagged
  m_Icon: {fileID: 0}
  m_NavMeshLayer: 0
  m_StaticEditorFlags: 0
  m_IsActive: 1
--- !u!4 &6806411411850592044
Transform:
  m_ObjectHideFlags: 0
  m_CorrespondingSourceObject: {fileID: 0}
  m_PrefabInstance: {fileID: 0}
  m_PrefabAsset: {fileID: 0}
  m_GameObject: {fileID: 4831985012042411938}
  m_LocalRotation: {x: 0, y: 0, z: 0, w: 1}
  m_LocalPosition: {x: 0.18, y: 0, z: -0.17}
  m_LocalScale: {x: 1, y: 1, z: 1}
  m_Children: []
  m_Father: {fileID: 121429587622693669}
  m_RootOrder: 0
  m_LocalEulerAnglesHint: {x: 0, y: 0, z: 0}
--- !u!136 &1045856267681531514
CapsuleCollider:
  m_ObjectHideFlags: 0
  m_CorrespondingSourceObject: {fileID: 0}
  m_PrefabInstance: {fileID: 0}
  m_PrefabAsset: {fileID: 0}
  m_GameObject: {fileID: 4831985012042411938}
  m_Material: {fileID: 0}
  m_IsTrigger: 0
  m_Enabled: 1
  m_Radius: 0.7
  m_Height: 30
  m_Direction: 1
  m_Center: {x: 0, y: 15, z: 0}
--- !u!1 &6583952122540409787
GameObject:
  m_ObjectHideFlags: 0
  m_CorrespondingSourceObject: {fileID: 0}
  m_PrefabInstance: {fileID: 0}
  m_PrefabAsset: {fileID: 0}
  serializedVersion: 6
  m_Component:
  - component: {fileID: 121429587622693669}
  m_Layer: 0
  m_Name: TreeWithBranch1
  m_TagString: Untagged
  m_Icon: {fileID: 0}
  m_NavMeshLayer: 0
  m_StaticEditorFlags: 0
  m_IsActive: 1
--- !u!4 &121429587622693669
Transform:
  m_ObjectHideFlags: 0
  m_CorrespondingSourceObject: {fileID: 0}
  m_PrefabInstance: {fileID: 0}
  m_PrefabAsset: {fileID: 0}
  m_GameObject: {fileID: 6583952122540409787}
  m_LocalRotation: {x: 0, y: 0, z: 0, w: 1}
  m_LocalPosition: {x: 0, y: 0, z: 0}
  m_LocalScale: {x: 1, y: 1, z: 1}
  m_Children:
  - {fileID: 6806411411850592044}
  - {fileID: 8756913630245036190}
  - {fileID: 4533867460814038520}
  m_Father: {fileID: 0}
  m_RootOrder: 0
  m_LocalEulerAnglesHint: {x: 0, y: 0, z: 0}
--- !u!1 &8756913630245036189
GameObject:
  m_ObjectHideFlags: 0
  m_CorrespondingSourceObject: {fileID: 0}
  m_PrefabInstance: {fileID: 0}
  m_PrefabAsset: {fileID: 0}
  serializedVersion: 6
  m_Component:
  - component: {fileID: 8756913630245036190}
  - component: {fileID: 8756913630245036191}
  - component: {fileID: 8756913630245036188}
  m_Layer: 0
  m_Name: treeOne (164)
  m_TagString: Untagged
  m_Icon: {fileID: 0}
  m_NavMeshLayer: 0
  m_StaticEditorFlags: 0
  m_IsActive: 1
--- !u!4 &8756913630245036190
Transform:
  m_ObjectHideFlags: 0
  m_CorrespondingSourceObject: {fileID: 0}
  m_PrefabInstance: {fileID: 0}
  m_PrefabAsset: {fileID: 0}
  m_GameObject: {fileID: 8756913630245036189}
  m_LocalRotation: {x: -0.7071068, y: -0, z: -0, w: 0.7071068}
  m_LocalPosition: {x: -1, y: -0, z: -0.42}
  m_LocalScale: {x: 1.299925, y: 1.2999264, z: 3}
  m_Children: []
  m_Father: {fileID: 121429587622693669}
  m_RootOrder: 1
  m_LocalEulerAnglesHint: {x: -90.00001, y: 0, z: 0}
--- !u!33 &8756913630245036191
MeshFilter:
  m_ObjectHideFlags: 0
  m_CorrespondingSourceObject: {fileID: 0}
  m_PrefabInstance: {fileID: 0}
  m_PrefabAsset: {fileID: 0}
  m_GameObject: {fileID: 8756913630245036189}
  m_Mesh: {fileID: 4300000, guid: 14fe486c5bbbba548b64154bee80ac0a, type: 3}
--- !u!23 &8756913630245036188
MeshRenderer:
  m_ObjectHideFlags: 0
  m_CorrespondingSourceObject: {fileID: 0}
  m_PrefabInstance: {fileID: 0}
  m_PrefabAsset: {fileID: 0}
  m_GameObject: {fileID: 8756913630245036189}
  m_Enabled: 1
  m_CastShadows: 1
  m_ReceiveShadows: 1
  m_DynamicOccludee: 1
  m_MotionVectors: 1
  m_LightProbeUsage: 1
  m_ReflectionProbeUsage: 1
  m_RenderingLayerMask: 1
  m_RendererPriority: 0
  m_Materials:
  - {fileID: 2100000, guid: 8eebe226555af174fb55188103e8b835, type: 2}
  m_StaticBatchInfo:
    firstSubMesh: 0
    subMeshCount: 0
  m_StaticBatchRoot: {fileID: 0}
  m_ProbeAnchor: {fileID: 0}
  m_LightProbeVolumeOverride: {fileID: 0}
  m_ScaleInLightmap: 1
  m_PreserveUVs: 0
  m_IgnoreNormalsForChartDetection: 0
  m_ImportantGI: 0
  m_StitchLightmapSeams: 0
  m_SelectedEditorRenderState: 3
  m_MinimumChartSize: 4
  m_AutoUVMaxDistance: 0.5
  m_AutoUVMaxAngle: 89
  m_LightmapParameters: {fileID: 0}
  m_SortingLayerID: 0
  m_SortingLayer: 0
  m_SortingOrder: 0
--- !u!1001 &1052005568499567585
PrefabInstance:
  m_ObjectHideFlags: 0
  serializedVersion: 2
  m_Modification:
    m_TransformParent: {fileID: 121429587622693669}
    m_Modifications:
    - target: {fileID: 3491117722935505465, guid: 3fc71237fd2540f4580174cd28e2a8b4,
        type: 3}
      propertyPath: m_Name
      value: branch
      objectReference: {fileID: 0}
    - target: {fileID: 3491117722935471641, guid: 3fc71237fd2540f4580174cd28e2a8b4,
        type: 3}
      propertyPath: m_LocalPosition.x
      value: -0.013356924
      objectReference: {fileID: 0}
    - target: {fileID: 3491117722935471641, guid: 3fc71237fd2540f4580174cd28e2a8b4,
        type: 3}
      propertyPath: m_LocalPosition.y
      value: 14.486382
      objectReference: {fileID: 0}
    - target: {fileID: 3491117722935471641, guid: 3fc71237fd2540f4580174cd28e2a8b4,
        type: 3}
      propertyPath: m_LocalPosition.z
      value: -0.05212298
      objectReference: {fileID: 0}
    - target: {fileID: 3491117722935471641, guid: 3fc71237fd2540f4580174cd28e2a8b4,
        type: 3}
      propertyPath: m_LocalRotation.x
      value: 0.547302
      objectReference: {fileID: 0}
    - target: {fileID: 3491117722935471641, guid: 3fc71237fd2540f4580174cd28e2a8b4,
        type: 3}
      propertyPath: m_LocalRotation.y
      value: -0.43765762
      objectReference: {fileID: 0}
    - target: {fileID: 3491117722935471641, guid: 3fc71237fd2540f4580174cd28e2a8b4,
        type: 3}
      propertyPath: m_LocalRotation.z
      value: -0.6371081
      objectReference: {fileID: 0}
    - target: {fileID: 3491117722935471641, guid: 3fc71237fd2540f4580174cd28e2a8b4,
        type: 3}
      propertyPath: m_LocalRotation.w
      value: 0.32095125
      objectReference: {fileID: 0}
    - target: {fileID: 3491117722935471641, guid: 3fc71237fd2540f4580174cd28e2a8b4,
        type: 3}
      propertyPath: m_RootOrder
      value: 2
      objectReference: {fileID: 0}
    - target: {fileID: 3491117722935471641, guid: 3fc71237fd2540f4580174cd28e2a8b4,
        type: 3}
      propertyPath: m_LocalEulerAnglesHint.x
      value: 178.978
      objectReference: {fileID: 0}
    - target: {fileID: 3491117722935471641, guid: 3fc71237fd2540f4580174cd28e2a8b4,
        type: 3}
      propertyPath: m_LocalEulerAnglesHint.y
      value: 101.910995
      objectReference: {fileID: 0}
    - target: {fileID: 3491117722935471641, guid: 3fc71237fd2540f4580174cd28e2a8b4,
        type: 3}
      propertyPath: m_LocalEulerAnglesHint.z
      value: -24.61499
      objectReference: {fileID: 0}
    - target: {fileID: 3491117722935471641, guid: 3fc71237fd2540f4580174cd28e2a8b4,
        type: 3}
      propertyPath: m_LocalScale.x
      value: 0.3079337
      objectReference: {fileID: 0}
    - target: {fileID: 3491117722935471641, guid: 3fc71237fd2540f4580174cd28e2a8b4,
        type: 3}
      propertyPath: m_LocalScale.y
      value: 0.30793396
      objectReference: {fileID: 0}
    - target: {fileID: 3491117722935471641, guid: 3fc71237fd2540f4580174cd28e2a8b4,
        type: 3}
      propertyPath: m_LocalScale.z
      value: 0.30793336
      objectReference: {fileID: 0}
    - target: {fileID: 2813277965318912830, guid: 3fc71237fd2540f4580174cd28e2a8b4,
        type: 3}
      propertyPath: collision
      value: 
      objectReference: {fileID: 8892292309746242455}
    - target: {fileID: 2813277965318912830, guid: 3fc71237fd2540f4580174cd28e2a8b4,
        type: 3}
      propertyPath: Renderer
      value: 
      objectReference: {fileID: 4533867460815808280}
    - target: {fileID: 2813277965318912830, guid: 3fc71237fd2540f4580174cd28e2a8b4,
        type: 3}
      propertyPath: RotationTransform
      value: 
      objectReference: {fileID: 4533867460814038520}
    - target: {fileID: 2813277965318912830, guid: 3fc71237fd2540f4580174cd28e2a8b4,
        type: 3}
      propertyPath: SnowParticleSystem
      value: 
      objectReference: {fileID: 9057610312133250182}
    - target: {fileID: 2813277965318912830, guid: 3fc71237fd2540f4580174cd28e2a8b4,
        type: 3}
      propertyPath: cinemachineImpulseSource
      value: 
      objectReference: {fileID: 8965226361815557904}
    - target: {fileID: 2813277965318912830, guid: 3fc71237fd2540f4580174cd28e2a8b4,
        type: 3}
      propertyPath: audioSource
      value: 
      objectReference: {fileID: 7780938856429014176}
    - target: {fileID: 7305414565881841473, guid: 3fc71237fd2540f4580174cd28e2a8b4,
        type: 3}
      propertyPath: m_audioClip
      value: 
      objectReference: {fileID: 8300000, guid: 99880802264be504c926b0beae059aba, type: 3}
    m_RemovedComponents: []
  m_SourcePrefab: {fileID: 100100000, guid: 3fc71237fd2540f4580174cd28e2a8b4, type: 3}
--- !u!4 &4533867460814038520 stripped
Transform:
  m_CorrespondingSourceObject: {fileID: 3491117722935471641, guid: 3fc71237fd2540f4580174cd28e2a8b4,
    type: 3}
  m_PrefabInstance: {fileID: 1052005568499567585}
  m_PrefabAsset: {fileID: 0}
--- !u!23 &4533867460815808280 stripped
MeshRenderer:
  m_CorrespondingSourceObject: {fileID: 3491117722933570809, guid: 3fc71237fd2540f4580174cd28e2a8b4,
    type: 3}
  m_PrefabInstance: {fileID: 1052005568499567585}
  m_PrefabAsset: {fileID: 0}
--- !u!65 &8892292309746242455 stripped
BoxCollider:
  m_CorrespondingSourceObject: {fileID: 8502441794648840310, guid: 3fc71237fd2540f4580174cd28e2a8b4,
    type: 3}
  m_PrefabInstance: {fileID: 1052005568499567585}
  m_PrefabAsset: {fileID: 0}
--- !u!114 &8965226361815557904 stripped
MonoBehaviour:
  m_CorrespondingSourceObject: {fileID: 8283131943883484401, guid: 3fc71237fd2540f4580174cd28e2a8b4,
    type: 3}
  m_PrefabInstance: {fileID: 1052005568499567585}
  m_PrefabAsset: {fileID: 0}
  m_GameObject: {fileID: 0}
  m_Enabled: 1
  m_EditorHideFlags: 0
  m_Script: {fileID: 11500000, guid: 180ecf9b41d478f468eb3e9083753217, type: 3}
  m_Name: 
  m_EditorClassIdentifier: 
--- !u!82 &7780938856429014176 stripped
AudioSource:
  m_CorrespondingSourceObject: {fileID: 7305414565881841473, guid: 3fc71237fd2540f4580174cd28e2a8b4,
    type: 3}
  m_PrefabInstance: {fileID: 1052005568499567585}
  m_PrefabAsset: {fileID: 0}
--- !u!198 &9057610312133250182 stripped
ParticleSystem:
  m_CorrespondingSourceObject: {fileID: 8298552926750132071, guid: 3fc71237fd2540f4580174cd28e2a8b4,
    type: 3}
  m_PrefabInstance: {fileID: 1052005568499567585}
  m_PrefabAsset: {fileID: 0}
